@article{click1995combining,
  title={Combining analyses, combining optimizations},
  author={Click, Cliff and Cooper, Keith D},
  journal={ACM Transactions on Programming Languages and Systems (TOPLAS)},
  volume={17},
  number={2},
  pages={181--196},
  year={1995},
  publisher={ACM New York, NY, USA}
}

@article{wegman1991constant,
  title={Constant propagation with conditional branches},
  author={Wegman, Mark N and Zadeck, F Kenneth},
  journal={ACM Transactions on Programming Languages and Systems (TOPLAS)},
  volume={13},
  number={2},
  pages={181--210},
  year={1991},
  publisher={ACM New York, NY, USA}
}

@article{lattner2020mlir,
  title={MLIR: A compiler infrastructure for the end of Moore's law},
  author={Lattner, Chris and Amini, Mehdi and Bondhugula, Uday and Cohen, Albert and Davis, Andy and Pienaar, Jacques and Riddle, River and Shpeisman, Tatiana and Vasilache, Nicolas and Zinenko, Oleksandr},
  journal={arXiv preprint arXiv:2002.11054},
  year={2020}
}

@inproceedings{lattner2021mlir,
  title={Mlir: Scaling compiler infrastructure for domain specific computation},
  author={Lattner, Chris and Amini, Mehdi and Bondhugula, Uday and Cohen, Albert and Davis, Andy and Pienaar, Jacques and Riddle, River and Shpeisman, Tatiana and Vasilache, Nicolas and Zinenko, Oleksandr},
  booktitle={2021 IEEE/ACM International Symposium on Code Generation and Optimization (CGO)},
  pages={2--14},
  year={2021},
  organization={IEEE}
}

@book{cooper2011engineering,
  title={Engineering a compiler},
  author={Cooper, Keith D and Torczon, Linda},
  year={2011},
  publisher={Elsevier}
}

@article{matsakis2014rust,
  title={The rust language},
  author={Matsakis, Nicholas D and Klock, Felix S},
  journal={ACM SIGAda Ada Letters},
  volume={34},
  number={3},
  pages={103--104},
  year={2014},
  publisher={ACM New York, NY, USA}
}

@misc{rustcdev,
  author = {Rust},
  title = {{Guide to Rustc Development}},
  howpublished = "\url{https://rustc-dev-guide.rust-lang.org/about-this-guide.html}",
  year = {2023},
  note = "[Online; accessed 25-Oct-2023]"
}
@misc{hlfir,
  author = {NVIDIA},
  title = {{Higher Level FIR}},
  howpublished = "\url{https://github.com/llvm/llvm-project/blob/main/flang/docs/HighLevelFIR.md}",
  year = {2023},
  note = "[Online; accessed 25-Oct-2023]"
}

@article{hindley1969principal,
  title={The principal type-scheme of an object in combinatory logic},
  author={Hindley, Roger and others},
  journal={Transactions of the american mathematical society},
  volume={146},
  pages={29--60},
  year={1969},
  publisher={American Mathematical Society}
}

@article{milner1978theory,
  title={A theory of type polymorphism in programming},
  author={Milner, Robin},
  journal={Journal of computer and system sciences},
  volume={17},
  number={3},
  pages={348--375},
  year={1978},
  publisher={Elsevier}
}

@article{damas1984type,
  title={Type assignment in programming languages},
  author={Damas, Luis},
  journal={KB thesis scanning project 2015},
  year={1984},
  publisher={The University of Edinburgh}
}

@inproceedings{damas1982principal,
  title={Principal type-schemes for functional programs},
  author={Damas, Luis and Milner, Robin},
  booktitle={Proceedings of the 9th ACM SIGPLAN-SIGACT symposium on Principles of programming languages},
  pages={207--212},
  year={1982}
}


